% Added for Intro

@article{krauss_worlds_1992,
	title = {The world's languages in crisis.},
	volume = {68},
	url = {https://sustainableunh.unh.edu/sites/sustainableunh.unh.edu/files/images/Krauss(1992).pdf},
	number = {1},
	urldate = {2019-10-08},
	journal = {Language},
	author = {Krauss, Michael},
	month = mar,
	year = {1992},
	pages = {4--10},
	file = {Krauss(1992).pdf:C\:\\Users\\thesa\\Zotero\\storage\\8SP5PJCG\\Krauss(1992).pdf:application/pdf}
}

@incollection{simons_worlds_2013,
	address = {Amsterdam},
	series = {Studies in {Language} {Companion} {Series}},
	title = {The world’s languages in crisis: {A} 20-year update},
	url = {https://benjamins.com/catalog/slcs.142.01sim},
	language = {English},
	number = {142},
	urldate = {2019-10-08},
	booktitle = {Responses to Language Endangerment: {In} honor of {Mickey} {Noonan}. {New} directions in language documentation and language revitalization},
	publisher = {John Benjamins},
	author = {Simons, Gary F. and Lewis, M. Paul},
	editor = {Mihas, Elena and Perley, Bernard and Rei-Doval, Gabriel and Wheatley, Kathleen},
	year = {2013},
	keywords = {language endangerment, language documentation},
	pages = {3--20}
}

@incollection{krauss_keynote--mass_2007,
	address = {New York},
	series = {Oxford linguistics},
	title = {Keynote--Mass Language Extinction and Documentation: {The} Race against Time},
	isbn = {978-0-19-926662-3},
	url = {https://books.google.com/books?id=OVsTDAAAQBAJ},
	booktitle = {The {Vanishing} {Languages} of the {Pacific} {Rim}},
	publisher = {OUP Oxford},
	author = {Krauss, Michael},
	editor = {Miyaoka, O. and Sakiyama, O. and Krauss, M.E.},
	year = {2007},
	lccn = {2006026788},
	keywords = {language endangerment, language documentation},
	pages = {3--24}
}

@misc{campbell_new_2013,
	address = {Honolulu, HI},
	title = {New knowledge: {Findings} from the {Catalogue} of {Endangered} {Languages}},
	copyright = {Creative Commons Attribution-Noncommercial-Share Alike 3.0 Unported},
	url = {http://scholarspace.manoa.hawaii.edu/handle/10125/26145},
	language = {eng},
	urldate = {2020-07-13},
	author = {Campbell, Lyle and Lee, Nala Huiying and Okura, Eve and Simpson, Sean and Ueki, Kaori},
	month = feb,
	year = {2013},
	note = {43\% languages are endangered.},
	file = {Snapshot:C\:\\Users\\thesa\\Zotero\\storage\\6GXJSRV9\\26145.html:text/html}
}



%Added for lit review

@article{abbott_towards_2018,
	title = {Towards Neural Machine Translation for {African} Languages},
	journal = {arXiv:1811.05467 [cs, stat]},
	author = {Abbott, Jade Z. and Martinus, Laura},
	month = nov,
	year = {2018}
}

@phdthesis{adams_automatic_2017,
	type = {{PhD} {Thesis}},
	title = {Automatic understanding of unwritten languages},
	school = {University of Melbourne},
	author = {Adams, Oliver},
	year = {2017}
}

@article{al_mumin_neural_2019,
	title = {Neural Machine Translation for Low-resource {English}-{Bangla}},
	volume = {15},
	issn = {1549-3636},
	language = {en},
	number = {11},
	urldate = {2020-05-21},
	journal = {Journal of Computer Science},
	author = {Al Mumin, Mohammad Abdullah and Seddiqui, Md Hanif and Iqbal, Muhammed Zafar and Islam, Mohammed Jahirul},
	month = nov,
	year = {2019}
}

@inproceedings{anastasopoulos_unsupervised_2016,
	address = {Austin, Texas},
	title = {An Unsupervised Probability Model for Speech-to-Translation Alignment of Low-Resource Languages},
	url = {https://aclweb.org/anthology/D16-1133},
	urldate = {2018-07-02},
	booktitle = {Proceedings of the 2016 {Conference} on {Empirical} {Methods} in {Natural} {Language} {Processing}},
	publisher = {Association for Computational Linguistics},
	author = {Anastasopoulos, Antonios and Chiang, David and Duong, Long},
	month = nov,
	year = {2016},
	note = {Apparently read for SIL internship},
	pages = {1255--1263}
}

@article{bengio_neural_2003,
	title = {A Neural Probabilistic Language Model},
	volume = {3},
	journal = {Journal of Machine Learning Research},
	author = {Bengio, Yoshua and Ducharme, Réjean and Vincent, Pascal and Jauvin, Christian},
	year = {2003},
	pages = {1137--1155}
}

@misc{cox_taking_2019,
	address = {Honolulu, HI},
	type = {Slideshow},
	title = {Taking aim at the transcription bottleneck: {Integrating} speech technology into language documentation and conservation},
	author = {Cox, Christopher and Bouliame, Gilles and Alam, Jahangir},
	year = {2019}
}

@inproceedings{duh_benchmarking_2020,
	address = {Marseille, France},
	title = {Benchmarking Neural and Statistical Machine Translation on Low-Resource {African} Languages},
	booktitle = {Proceedings of the 12th {Conference} on {Language} {Resources} and {Evaluation} ({LREC} 2020)},
	author = {Duh, Kevin and McNamee, Paul and Post, Matt and Thompson, Brian},
	month = may,
	year = {2020}
}

@inproceedings{duong-etal-2015-low,
    title = "Low Resource Dependency Parsing: {Cross}-lingual Parameter Sharing in a Neural Network Parser",
    author = "Duong, Long  and
      Cohn, Trevor  and
      Bird, Steven  and
      Cook, Paul",
    booktitle = "Proceedings of the 53rd Annual Meeting of the Association for Computational Linguistics and the 7th International Joint Conference on Natural Language Processing (Volume 2: Short Papers)",
    month = jul,
    year = "2015",
    address = "Beijing, China",
    publisher = "Association for Computational Linguistics",
    url = "https://www.aclweb.org/anthology/P15-2139",
    doi = "10.3115/v1/P15-2139",
    pages = "845--850",
}

@inproceedings{duong_attentional_2016,
	address = {San Diego, California},
	title = {An Attentional Model for Speech Translation Without Transcription},
	url = {http://www.aclweb.org/anthology/N16-1109},
	urldate = {2018-07-06},
	booktitle = {Proceedings of the 2016 {Conference} of the {North} {American} {Chapter} of the {Association} for {Computational} {Linguistics}: {Human} {Language} {Technologies}},
	publisher = {Association for Computational Linguistics},
	author = {Duong, Long and Anastasopoulos, Antonios and Chiang, David and Bird, Steven and Cohn, Trevor},
	month = jun,
	year = {2016},
	pages = {949--959}
}

@inproceedings{bird_machine_2012,
	address = {Mumbai},
	title = {Machine translation for language preservation},
	url = {http://www.aclweb.org/anthology/C12-2013.pdf},
	urldate = {2016-08-18},
	booktitle = {Proceedings of {COLING} 2012: {Posters}},
	author = {Bird, Steven and Chiang, David},
	year = {2012}
}

@book{bowern_linguistic_2008,
	address = {Houndmills, Basingstoke, Hampshire [England]; New York},
	title = {Linguistic fieldwork: {A} practical guide},
	author = {Bowern, Claire},
	year = {2008}
}

@article{czaykowska-higgins_research_2009,
	title = {Research Models, Community Engagement, and Linguistic Fieldwork: {Reflections} on Working within {Canadian} Indigenous Communities},
	volume = {3},
	number = {1},
	journal = {Language Documentation \& Conservation},
	author = {Czaykowska-Higgins, Ewa},
	year = {2009},
	keywords = {community participation},
	pages = {15--50}
}

@inproceedings{gu_universal_2018,
	address = {New Orleans, Louisiana},
	title = {Universal Neural Machine Translation for Extremely Low Resource Languages},
	booktitle = {Proceedings of the 2018 {Conference} of the {North} {American} {Chapter} of the {Association} for {Computational} {Linguistics}: {Human} {Language} {Technologies}, {Volume} 1 ({Long} {Papers})},
	publisher = {Association for Computational Linguistics},
	author = {Gu, Jiatao and Hassan, Hany and Devlin, Jacob and Li, Victor O.K.},
	month = jun,
	year = {2018},
	pages = {344--354}
}
@book{goldberg_neural_2017,
	series = {Synthesis Lectures on Human Language Technologies},
	title = {Neural Network Methods for Natural Language Processing},
	number = {37},
	publisher = {Morgan \& Claypool},
	author = {Goldberg, Yoav},
	year = {2017}
}

@article{lecun_deep_2015,
	title = {Deep learning},
	volume = {521},
	issn = {1476-4687},
	url = {https://doi.org/10.1038/nature14539},
	number = {7553},
	journal = {Nature},
	author = {LeCun, Yann and Bengio, Yoshua and Hinton, Geoffrey},
	month = may,
	year = {2015},
	pages = {436--444}
}

@inproceedings{mccarthy-etal-2019-sigmorphon,
    title = "The {SIGMORPHON} 2019 Shared Task: Morphological Analysis in Context and Cross-Lingual Transfer for Inflection",
    author = "McCarthy, Arya D.  and
      Vylomova, Ekaterina  and
      Wu, Shijie  and
      Malaviya, Chaitanya  and
      Wolf-Sonkin, Lawrence  and
      Nicolai, Garrett  and
      Kirov, Christo  and
      Silfverberg, Miikka  and
      Mielke, Sabrina J.  and
      Heinz, Jeffrey  and
      Cotterell, Ryan  and
      Hulden, Mans",
    booktitle = "Proceedings of the 16th Workshop on Computational Research in Phonetics, Phonology, and Morphology",
    month = aug,
    year = "2019",
    address = "Florence, Italy",
    publisher = "Association for Computational Linguistics",
    pages = "229--244"
}

@inproceedings{micher_improving_2017,
	address = {Honolulu},
	title = {Improving Coverage of an {Inuktitut} Morphological Analyzer Using a Segmental Recurrent Neural Network},
	url = {http://altlab.artsrn.ualberta.ca/wp-content/uploads/2017/03/CEL2_29.pdf},
	urldate = {2017-06-06},
	booktitle = {Proceedings of the 2nd {Workshop} on the {Use} of {Computational} {Methods} in the {Study} of {Endangered} {Languages}},
	publisher = {Association for Computational Linguistics},
	author = {Micher, Jeffrey C.},
	year = {2017}
}

@article{popel_training_2018,
	title = {Training Tips for the {Transformer} Model},
	volume = {110},
	issn = {1804-0462},
	number = {1},
	urldate = {2020-05-13},
	journal = {The Prague Bulletin of Mathematical Linguistics},
	author = {Popel, Martin and Bojar, Ondřej},
	month = apr,
	year = {2018}
}

@article{rice_community-based_2017,
	title = {Community-based corpus-building: {Three} case studies},
	author = {Rice, Sally and Thunder, Dorothy},
	year = {2017}
	}

@article{rogers_review_2010,
	title = {Review of {Fieldworks} {Language} {Explorer} ({FLEx}) 3.0},
	copyright = {Creative Commons Attribution Non-Commercial No Derivatives License},
	issn = {1934-5275},
	url = {http://scholarspace.manoa.hawaii.edu/handle/10125/4471},
	abstract = {National Foreign Language Resource Center},
	urldate = {2018-03-13},
	author = {Rogers, Chris},
	year = {2010}
}

@article{seifart_language_2018,
	title = {Language documentation twenty-five years on},
	volume = {94},
	issn = {1535-0665},
	url = {https://muse.jhu.edu/article/712110},
	doi = {10.1353/lan.2018.0070},
	language = {en},
	number = {4},
	urldate = {2019-10-08},
	journal = {Language},
	author = {Seifart, Frank and Evans, Nicholas and Hammarström, Harald and Levinson, Stephen C.},
	year = {2018},
	keywords = {transcription, language documentation},
	pages = {e324--e345},
	file = {content.pdf:C\:\\Users\\thesa\\Zotero\\storage\\SICWDMJW\\content.pdf:application/pdf}
}

@inproceedings{shearing_improving_2018,
	title = {Improving Low Resource Machine Translation using Morphological Glosses},
	booktitle = {Proceedings of the 13th {Conference} of the {Association} for {Machine} {Translation} in the {Americas} ({Volume} 1: {Research} {Papers})},
	publisher = {Association for Machine Translation in the Americas},
	author = {Shearing, Steven and Kirov, Christo and Khayrallah, Huda and Yarowsky, David},
	year = {2018}
}

@book{sproat_1992,
	booktitle = {Morphology and Computation},
	author = {Sproat, Richard},
	year = {1992},
	publisher = {MIT Press}
}

@phdthesis{szymanski_morphological_2012,
	type = {{PhD} {Thesis}},
	title = {Morphological Inference from Bitext for Resource-Poor Languages},
	school = {University of Michigan},
	author = {Szymanski, Terrence D},
	year = {2012}
}

@article{woodbury_defining_2003,
	title = {Defining Documentary Linguistics},
	volume = {1},
	issn = {1740-6234},
	language = {en},
	journal = {Language Documentation and Description},
	author = {Woodbury, Tony},
	year = {2003},
	pages = {35--51}
	}

@article{xia_enriching_2016,
	title = {Enriching a massively multilingual database of interlinear glossed text},
	volume = {50},
	issn = {1574-0218},
	number = {2},
	urldate = {2020-01-15},
	journal = {Language Resources and Evaluation},
	author = {Xia, Fei and Lewis, William D. and Goodman, Michael Wayne and Slayden, Glenn and Georgi, Ryan and Crowgey, Joshua and Bender, Emily M.},
	month = jun,
	year = {2016},
	pages = {321--349}
}

@inproceedings{zhou_low-resource_2019,
	title = {Low-Resource Machine Translation using Interlinear Glosses},
	author = {Zhou, Zhong and Levin, Lori and Mortensen, David and Waibel, Alex},
	year = {2019}
}

@book{elcat_2020,
    title = {Catalogue of Endangered Languages},
    publisher = {University of Hawaii at Manoa},
    url = {http://www.endangeredlanguages.com},
    year = {2020}
}

%added for data and models chapter

@article{lamkang_2007,
  title={The {Lamkang} language: {Grammatical} Sketch, texts and lexicon},
  author={Thounaojam, Harimohon and Chelliah, Shobhana L.},
  journal={Linguistics of the Tibeto-Burman Area},
  volume={30},
  number={1},
  pages={1--212},
  year={2007}
}

@article{fan2008,
  title={{LIBLINEAR}: {A} library for large linear classification},
  author={Fan, Rong-En and Chang, Kai-Wei and Hsieh, Cho-Jui and Wang, Xiang-Rui and Lin, Chih-Jen},
  journal={Journal of machine learning research},
  volume={9},
  number={Aug},
  pages={1871--1874},
  year={2008}
}

@article{Martinus2019AFO,
  title={A Focus on Neural Machine Translation for {African} Languages},
  author={Laura Martinus and Jade Z. Abbott},
  journal={ArXiv},
  year={2019},
  volume={abs/1906.05685}
}

@article{svm_cortes,
    title={Support-vector networks},
    author={Cortes, Corinna and Vapnik, Vladimir},
    journal={Machine learning},
    volume={20},
    number={3},
    pages={273--297},
    year={1995},
    publisher={Springer}
}

@article{van_biljon_optimal_2020,
	title = {On Optimal Transformer Depth for Low-Resource Language Translation},
	url = {http://arxiv.org/abs/2004.04418},
	journal = {arXiv:2004.04418 [cs]},
	author = {van Biljon, Elan and Pretorius, Arnu and Kreutzer, Julia},
	month = apr,
	year = {2020}
}

@inproceedings{vaswani_attention_2017,
	address = {Long Beach, California, USA},
	series = {{NIPS}’17},
	title = {Attention is All you Need},
	booktitle = {Proceedings of the 31st {International} {Conference} on {Neural} {Information} {Processing} {Systems}},
	publisher = {Curran Associates Inc.},
	author = {Vaswani, Ashish and Shazeer, Noam and Parmar, Niki and Uszkoreit, Jakob and Jones, Llion and Gomez, Aidan N and Kaiser, Łukasz and Polosukhin, Illia},
	year = {2017},
	keywords = {deep learning/NN, transformer},
	pages = {6000--6010}
}

@inproceedings{vylomova2020sigmorphon, 
    title={The {SIGMORPHON} 2020 Shared Task 0: {Typologically} Diverse Morphological Inflection}, 
    author={Vylomova, Ekaterina and White, Jennifer and Salesky, Elizabeth and Mielke, Sabrina J. and Wu, Shijie and Ponti, Edoardo and Maudslay, Rowan Hall and Zmigrod, Ran and Valvoda, Joseph and Toldova, Svetlana and Tyers, Francis and Klyachko, Elena and Yegorov, Ilya and Krizhanovsky, Natalia and Czarnowska, Paula and Nikkarinen, Irene and Krizhanovsky, Andrej and Pimentel, Tiago and Hennigen, Lucas Torroba and Kirov, Christo and Nicolai, Garrett and Williams, Adina and Anastasopoulos, Antonios and Cruz, Hilaria and Chodroff, Eleanor and Cotterell, Ryan and Silfverberg, Miikka and Hulden, Mans}, 
    booktitle={Proceedings of the 17th SIGMORPHON Workshop on Computational Research in Phonetics, Phonology, and Morphology},
    year={2020}
}

@inproceedings{zmigrod-etal-2019-counterfactual,
    title = "Counterfactual Data Augmentation for Mitigating Gender Stereotypes in Languages with Rich Morphology",
    author = "Zmigrod, Ran  and
      Mielke, Sabrina J.  and
      Wallach, Hanna  and
      Cotterell, Ryan",
    booktitle = "Proceedings of the 57th Annual Meeting of the Association for Computational Linguistics",
    month = jul,
    year = "2019",
    address = "Florence, Italy",
    publisher = "Association for Computational Linguistics",
    url = "https://www.aclweb.org/anthology/P19-1161",
    doi = "10.18653/v1/P19-1161",
    pages = "1651--1661",
}


% added for data and models chapter

@book{eberhard_ethnologue:2020,
	address = {Dallas, Texas},
	edition = {twenty-third},
	title = {Ethnologue: {Languages} of the World},
	url = {http://www.ethnologue.com},
	publisher = {SIL International},
	editor = {Eberhard, David M. and Simons, Gary F. and Fennig, Charles D.},
	year = {2020}
}

@book{moseley_atlas_2010,
	address = {Paris},
	edition = {third},
	title = {Atlas of the World’s Languages in Danger},
	url = {http://www.unesco.org/culture/en/endangeredlanguages/atlas},
	publisher = {UNESCO Publishing},
	editor = {Moseley, Christopher},
	year = {2010}
}

@article{naess_ntu_2008,
    author={Åshild Næss and Brenda H. Boerger},
    title={Reefs–Santa {Cruz} as {Oceanic}: {Evidence} from the Verb Complex},
    journal = {Oceanic Linguistics},
    volume={47},
    issue={1},
    year={2008},
    pages={185-212},
    url={doi:10.1353/ol.0.0000.}
}

@book{cowell_arapaho_2008,
	title = {The {Arapaho} Language},
	isbn = {978-0-87081-901-8},
	publisher = {University Press of Colorado},
	author = {Cowell, Andrew and Moss, Alonzo},
	year = {2008}
}

@book{Chelliah-1997,
  address    = {Berlin},
  author     = {Chelliah, Shobhana Lakshmi},
  publisher  = {Mouton de Gruyter},
  series     = {Mouton Grammar Library},
  title      = {A Grammar of {Meithei}},
  volume     = {17},
  year       = {1997},
  iso_code   = {mni},
  olac_field = {phonology; typology; syntax; general_linguistics; semantics; phonetics; morphology},
  wals_code  = {mei}
}

@book{abdulaev-tsezcorpus-2010,
    address={Leipzig–Makhachkala},
    publisher={“Lotos”},
    title={Cezyas folklor/{Dido} ({Tsez}) folklore/{Didojskij} (cezskij) fol´klor},
    year={2010},
    author = {Abdulaev, A.K. and I. K. Abdullaev}
}

@misc{okazaki2007,
	author = {Naoaki Okazaki},
	title = {CRFsuite: {A} fast implementation of {Conditional} {Random} {Fields} ({CRFs})},
	howpublished = {http://www.chokkan.org/software/crfsuite/},
	year = {2007}
}

@inproceedings{ott2019fairseq,
  title = {fairseq: {A} Fast, Extensible Toolkit for Sequence Modeling},
  author = {Myle Ott and Sergey Edunov and Alexei Baevski and Angela Fan and Sam Gross and Nathan Ng and David Grangier and Michael Auli},
  booktitle = {Proceedings of NAACL-HLT 2019: Demonstrations},
  year = {2019},
}


% added for Inflection chapter

@inproceedings{faruqui-etal-2016-morphological,
    title = "Morphological Inflection Generation Using Character Sequence to Sequence Learning",
    author = "Faruqui, Manaal  and
      Tsvetkov, Yulia  and
      Neubig, Graham  and
      Dyer, Chris",
    booktitle = "Proceedings of the 2016 Conference of the North {A}merican Chapter of the Association for Computational Linguistics: Human Language Technologies",
    month = jun,
    year = "2016",
    address = "San Diego, California",
    publisher = "Association for Computational Linguistics",
    url = "https://www.aclweb.org/anthology/N16-1077",
    doi = "10.18653/v1/N16-1077",
    pages = "634--643",
}

@inproceedings{kirov_unimorph,
	title = {{UniMorph} 2.0: {Universal} Morphology},
	booktitle = {Proceedings of the Eleventh International Conference on Language Resources and Evaluation ({LREC} 2018), European Language Resources Association ({ELRA})},
	author = {Kirov, Christo and Cotterell, Ryan and Sylak-Glassman, John and Walther, Geraldine and Vylomova, Ekaterina and Xia, Patrick and Faruqui, Manaal and Mielke, Sebastian and McCarthy, Arya D},
	year = {2016},
	pages = {1868-1873}
}

@inproceedings{wu-cotterell-2019-exact,
    title = "Exact Hard Monotonic Attention for Character-Level Transduction",
    author = "Wu, Shijie  and
      Cotterell, Ryan",
    booktitle = "Proceedings of the 57th Annual Meeting of the Association for Computational Linguistics",
    month = jul,
    year = "2019",
    address = "Florence, Italy",
    publisher = "Association for Computational Linguistics",
    url = "https://www.aclweb.org/anthology/P19-1148",
    doi = "10.18653/v1/P19-1148",
    pages = "1530--1537"
}

@article{wu2020applying,
author={Shijie Wu and Ryan Cotterell and Mans Hulden},
    title={Applying the Transformer to Character-level Transduction},
journal = {arXiv:2005.10213 [cs.CL]},
month = {May},
year = {2020},
url = {https://arxiv.org/pdf/2005.10213.pdf},
}

@inproceedings{yarowsky-wicentowski-2000-minimally,
    title = "Minimally Supervised Morphological Analysis by Multimodal Alignment",
    author = "Yarowsky, David  and
      Wicentowski, Richard",
    booktitle = "Proceedings of the 38th Annual Meeting of the Association for Computational Linguistics",
    month = oct,
    year = "2000",
    address = "Hong Kong",
    publisher = "Association for Computational Linguistics",
    url = "https://www.aclweb.org/anthology/P00-1027",
    doi = "10.3115/1075218.1075245",
    pages = "207--216",
}

% for seg/gls section

@inproceedings{bahdanau2014,
  author    = {Dzmitry Bahdanau and
               Kyunghyun Cho and
               Yoshua Bengio},
  title     = {Neural Machine Translation by Jointly Learning to Align and Translate},
  booktitle = {ICLR},
  year      = {2015}
 }

@incollection{ramshaw1999,
  title={Text chunking using transformation-based learning},
  author={Ramshaw, Lance A. and Marcus, Mitchell P.},
  booktitle={Natural language processing using very large corpora},
  pages={157--176},
  year={1999},
  publisher={Springer}
}

@inproceedings{papineni_bleu:_2002,
	address = {Philadelphia, Pennsylvania, USA},
	title = {{BLEU}: {A} Method for Automatic Evaluation of Machine Translation},
	url = {https://www.aclweb.org/anthology/P02-1040},
	doi = {10.3115/1073083.1073135},
	urldate = {2019-11-20},
	booktitle = {Proceedings of the 40th {Annual} {Meeting} of the {Association} for {Computational} {Linguistics}},
	publisher = {Association for Computational Linguistics},
	author = {Papineni, Kishore and Roukos, Salim and Ward, Todd and Zhu, Wei-Jing},
	month = jul,
	year = {2002},
	pages = {311--318}
}


% misc imported directly from other latex projects
@incollection{Ackerman_partsand,
    author = {Farrell Ackerman and Robert Malouf},
    title = {Parts and wholes: {Patterns} of relatedness in complex morphological systems and why they matter},
    year = {2009},
    booktitle = {Analogy in grammar: Form and acquisition},
    editor = {J. P. Blevins and J. Blevins},
    pages = {54--82},
    publisher = {Oxford University Press},
    address = {Oxford}
}

@inproceedings{ahlberg_semi-supervised_2014,
	location = {Gothenburg, Sweden},
	title = {Semi-supervised learning of morphological paradigms and lexicons},
	url = {http://www.aclweb.org/anthology/E/E14/E14-1.pdf#page=595},
	pages = {569--578},
	booktitle = {Proceedings of 14th Conference of the European Chapter of the Association for Computational Linguistics},
	publisher = {Association for Computational Linguistics},
	author = {Ahlberg, Malin and Forsberg, Markus and Hulden, Mans},
	year = {2014}
}

@inproceedings{ahlberg_paradigm_2015,
	location = {Denver, Colorado},
	title = {Paradigm classification in supervised learning of morphology},
	pages = {1024--1029},
	booktitle = {Proceedings of the 2015 Conference of the North American Chapter of the Association for Computational Linguistics: Human Language Technologies},
	publisher = {Association for Computational Linguistics},
	author = {Ahlberg, Malin and Forsberg, Markus and Hulden, Mans},
	year = {2015}
}
@article{andrews_bayesian_2017,
	title = {Bayesian Modeling of Lexical Resources for Low-Resource Settings},
	volume = {1},
	pages = {1029--1039},
	journal = {Proceedings of the 55th Annual Meeting of the Association for Computational Linguistics (Volume 1: Long Papers)},
	author = {Andrews, Nicholas and Dredze, Mark and Durme, Benjamin Van and Eisner, Jason},
	year = {2017}
}

@article{Baldridge06,
  title={Active learning and logarithmic opinion pools for {HPSG} parse selection},
  author={Baldridge, Jason and Osborne, Miles},
  journal={Natural Language Engineering},
  volume={14},
  number={2},
  pages={191--222},
  year={2008},
  publisher={Cambridge University Press}
}
@inproceedings{Baroni02unsuperviseddiscovery,
  title={Unsupervised discovery of morphologically related words based on orthographic and semantic similarity},
  author={Baroni, Marco and Matiasek, Johannes and Trost, Harald},
  booktitle={Proceedings of the ACL-02 workshop on Morphological and phonological learning-Volume 6},
  pages={48--57},
  year={2002},
  organization={Association for Computational Linguistics}
}
@inproceedings{baumann_using_2014,
	title = {Using Resource-Rich Languages to Improve Morphological Analysis of Under-Resourced Languages},
	booktitle = {Proceedings of the Ninth International Conference on Language Resources and Evaluation ({LREC}-2014)},
	author = {Baumann, Peter and Pierrehumbert, Janet},
	year = {2014}
}
@article{bird_documentary_2015,
	title = {Documentary Linguistics and Computational Linguistics: A response to Brooks},
	author = {Bird, Steven and Chiang, David and Frowein, Friedel and Hanke, Florian and Vaswani, Ashish},
	journal = {Language Documentation and Consveration},
	year = {2015}
}

@inproceedings{bird_aikuma:_2014,
	location = {Baltimore, Maryland, {USA}},
	title = {Aikuma: {A} mobile app for collaborative language documentation},
	pages = {1--5},
	booktitle = {Proceedings of the 2014 Workshop on the Use of Computational Methods in the Study of Endangered Languages},
	publisher = {Association for Computational Linguistics},
	author = {Bird, Steven and Hanke, Florian and Adams, Oliver and Haejoong, Lee},
	year = {2014}
}
@INPROCEEDINGS{Black06FLEX,
    author = {Black, H. Andrew and Gary F. Simons},
    title = {The {SIL} {FieldWorks} {Language} {Explorer} Approach to Morphological Parsing},
    booktitle = {In Computational Linguistics for Less-studied Languages: Proceedings of Texas Linguistics Society},
    publisher = {Texas Linguistics Society},
    year = {2006}
}

@book{boerger_language_2016,
	title = {Language and Culture Documentation Manual},
	publisher = {Leanpub},
	author = {Boerger, Brenda H. and Moeller, Sarah Ruth and Reiman, Will and Self, Stephen},
	year = {2016}
}

@incollection{bouda_corpus_2012,
	title = {From corpus to grammar: {How} {DOBES} corpora can be exploited for descriptive linguistics},
	url = {https://scholarspace.manoa.hawaii.edu/bitstream/handle/10125/4533/bouda.pdf},
	series = {Language Documentation \& Conservation Special Publication},
	publisher = {University of Hawaii},
	pages = {129--159},
	number = {4},
	booktitle = {Electronic Grammaticography},
	author = {Bouda, Peter and Helmbrecht, Johannes and München, Ludwig-Maximilians-Universität},
	editor = {Nordhoff, Sebastian},
	year = {2012}
}
@inproceedings{de_marneffe_universal_2014,
	title = {Universal {Stanford} dependencies: {A} cross-linguistic typology.},
	volume = {14},
	pages = {4585--92},
	booktitle = {{LREC}},
	author = {De Marneffe, Marie-Catherine and Dozat, Timothy and Silveira, Natalia and Haverinen, Katri and Ginter, Filip and Nivre, Joakim and Manning, Christopher D.},
	year = {2014}
}

@phdthesis{duong_natural_2017,
	location = {Melbourne, Australia},
	title = {Natural language processing for resource-poor languages},
	school = {University of Melbourne},
	type = {{PhD} {Thesis}},
	author = {Duong, Long},
	year = {2017}
}

@ARTICLE{Elman91,
    author = {Jeffrey L. Elman},
    title = {Distributed Representations, Simple Recurrent Networks, and Grammatical Structure},
    journal = {MACHINE LEARNING},
    year = {1991},
    volume = {7},
    number = {2},
    pages = {195--225}
}

@phdthesis{felt_improving_2012,
	title = {Improving the Effectiveness of Machine-Assisted Annotation},
	school = {Brigham Young University},
	type = {PhD Thesis},
	author = {Felt, Paul},
	year = {2012}
}

@article{finkel_principal_2007,
	title = {Principal parts and morphological typology},
	volume = {17},
	pages = {39--75},
	number = {1},
	journal = {Morphology},
	author = {Finkel, Raphael and Stump, Gregory},
	year = {2007}
}

@inproceedings{foley_elpis_2018,
	title = {Building Speech Recognition Systems for Language Documentation: {The} {CoEDL} Endangered Language Pipeline and Inference System},
	booktitle = {Proceedings of the 6th International Workshop on Spoken Language Technologies for Under-resourced Languages ({SLTU} 2018)},
	author = {Foley, Ben and Arnold, Josh and Coto-Solano, Rolando and Durantin, Gautier and Ellison, T. Mark and Esch, Daan van and Heath, Scott and Kratochvíl, František and Maxwell-Smith, Zara and Nash, David and Olsson, Ola and Richards, Mark and San, Nay and Stoakes, Hywel and Thieberger, Nick and Wiles, Janet},
	year = {2018}
}
@inproceedings{forsberg_learning_2016,
	location = {Berlin, Germany},
	title = {Learning Transducer Models for Morphological Analysis from Example Inflections},
	pages = {42--50},
	booktitle = {Proceedings of the {SIGFSM} Workshop on Statistical {NLP} and Weighted Automata},
	publisher = {Association for Computational Linguistics},
	author = {Forsberg, Markus and Hulden, Mans},
	year = {2016}
}
@inproceedings{kothur_document-level_2018,
	location = {Melbourne, Australia},
	title = {Document-Level Adaptation for Neural Machine Translation},
	pages = {64--73},
	booktitle = {Proceedings of the 2nd Workshop on Neural Machine Translation and Generation},
	publisher = {Association for Computational Linguistics},
	author = {Kothur, Sachith Sri Ram and Knowles, Rebecca and Koehn, Philipp},
	year = {2018}
}
@inproceedings{hedderich_training_2018,
	location = {Melbourne},
	title = {Training a Neural Network in a Low-Resource Setting on Automatically Annotated Noisy Data},
	pages = {12--19},
	booktitle = {Proceedings of the Workshop on Deep Learning Approaches for Low-Resource NLP},
	publisher = {Association for Computational Linguistics},
	author = {Hedderich, Michael A. and Klakow, Dietrich},
	year = {2018}
}
@article{himmelmann_documentary_1998,
	title = {Documentary and Descriptive Linguistics},
	pages = {161--195},
	volume = {36},
	journal = {Linguistics},
	author = {Himmelmann, Nikolaus P.},
	year = {1998}
}
@article{hochreiter_1997,
 author = {Hochreiter, Sepp and Schmidhuber, J\"{u}rgen},
 title = {Long Short-Term Memory},
 journal = {Neural Computation},
 issue_date = {November 15, 1997},
 volume = {9},
 number = {8},
 month = nov,
 year = {1997},
 pages = {1735--1780},
 numpages = {46},
 publisher = {MIT Press},
 address = {Cambridge, MA, USA}
} 
@inproceedings{kann_fortification_2018,
	location = {New Orleans, Louisiana},
	title = {Fortification of Neural Morphological Segmentation Models for Polysynthetic Minimal-Resource Languages},
	pages = {47--57},
	booktitle = {Proceedings of the 2018 Conference of the North American Chapter of the Association for Computational Linguistics: Human Language Technologies, Volume 1 (Long Papers)},
	publisher = {Association for Computational Linguistics},
	author = {Kann, Katharina and Mager Hois, Jesus Manuel and Meza Ruiz, Ivan Vladimir and Schütze, Hinrich},
	year = {2018}
}
@inproceedings{lehmann_documentation_1999,
	location = {Erfurt},
	title = {Documentation of endangered languages: A priority task for linguistics},
	volume = {1},
	booktitle = {Arbeitspapiere des Seminars fur Sprachwissenschaft der Universitat Eurfurt},
	publisher = {Seminar fur Sprachwissenschaft der Universitat},
	author = {Lehmann, Christian},
	year = {1999}
}
@inproceedings{liu_morphological_2018,
	location = {Brussels},
	title = {Morphological Reinflection in Context: {CU} Boulder's Submission to {CoNLL}-{SIGMORPHON} 2018 Shared Task},
	pages = {86--92},
	booktitle = {Proceedings of the {CoNLL} {SIGMORPHON} 2018 Shared Task: Universal Morphological Reinflection},
	publisher = {Association for Computational Linguistics},
	author = {Liu, Ling and Subbiah, Ilamvazhuthy and Wiemerslage, Adam and Lilley, Jonathan and Moeller, Sarah},
	year = {2018}
}
@article{lupke_data_2010,
	title = {Data collection methods for field-based language documentation},
	volume = {7},
	pages = {55--104},
	journal = {Language Documentation and Description},
	author = {Lupke, Friederike},
	year = {2010}
}
@inproceedings{moeller_automatic_2018,
	location = {Santa Fe, New Mexico, {USA}},
	title = {Automatic Glossing in a Low-Resource Setting for Language Documentation},
	pages = {84--93},
	booktitle = {Proceedings of the Workshop on Computational Modeling of Polysynthetic Languages},
	publisher = {Association for Computational Linguistics},
	author = {Moeller, Sarah and Hulden, Mans},
	year = {2018}
}
@inproceedings{moeller_neural_2018,
	location = {Santa Fe, New Mexico, {USA}},
	title = {A Neural Morphological Analyzer for Arapaho Verbs Learned from a Finite State Transducer},
	pages = {12--20},
	booktitle = {Proceedings of the Workshop on Computational Modeling of Polysynthetic Languages},
	publisher = {Association for Computational Linguistics},
	author = {Moeller, Sarah and Kazeminejad, Ghazaleh and Cowell, Andrew and Hulden, Mans},
	year = {2018}
}
@inproceedings{moeller_improving_2019,
	title = {Improving Low-Resource Morphological Learning with Intermediate Forms from Finite State Transducers},
	author = {Moeller, Sarah and Kazeminejad, Ghazaleh and Cowell, Andrew and Hulden, Mans},
    booktitle = {Proceedings of the Workshop on Computational Methods for Endangered Languages},
	year = {2019},
    location = {Honolulu, HI}
}
@inproceedings{rocio_detection_2007,
	location = {Berlin, Heidelberg},
	title = {Detection of Strange and Wrong Automatic Part-of-Speech Tagging},
	volume = {4874},
	pages = {683--690},
	booktitle = {Proceedings of the Aritficial Intelligence 13th Portuguese Conference on Progress in Artificial Intelligence},
	publisher = {Springer Berlin Heidelberg},
	author = {Rocio, Vitor and Silva, Joaquim and Lopes, Gabriel},
	year = {2007}
}

@inproceedings{sutskever2014,
   author    = {Ilya Sutskever and
                Oriol Vinyals and
                Quoc V. Le},
   title     = {Sequence to Sequence Learning with Neural Networks},
   booktitle = {Advances in Neural Information Processing Systems (NIPS)},
   location =  {Montreal, Quebec, Canada},
   pages     = {3104--3112},
   year      = {2014}
 }
@article{thieberger_using_2012,
	title = {Using language documentation data in a broader context},
	volume = {3},
	pages = {129--134},
	journal = {Language Documentation \& Conservation Special Publication},
	author = {Thieberger, Nicholas},
	year = {2012}
}

@article{thieberger_assessing_2016,
	title = {Assessing Annotated Corpora as Research Output},
	volume = {36},
	pages = {1--21},
	number = {1},
	journal = {Australian Journal of Linguistics},
	author = {Thieberger, Nick and Margetts, Anna and Morey, Stephen and Musgrave, Simon},
	year = {2016}
}
@article{vallejos_integrating_2014,
	title = {Integrating Language Documentation, Language Preservation, and Linguistic Research: Working with the {Kokamas} from the {Amazon}},
	volume = {8},
	pages = {38--65},
	journal = {Language Documentation \& Conservation},
	author = {Vallejos, Rosa},
	year = {2014}
}
@inproceedings{auer_elan_2010,
	location = {Paris: {ELRA}},
	title = {{ELAN} as Flexible Annotation Framework for Sound and Image Processing Detectors.},
	pages = {890--893},
	booktitle = {European Language Resources Association {LREC} 2010: Proceedings of the 7th International Language Resources and Evaluation},
	publisher = {European Language Resources Association},
	author = {Auer, Eric and Russel, Albert and Sloetjes, Han and Wittenburg, Peter and Schreer, Oliver and Masnieri, S. and Schneider, Daniel and Tschöpel, Sebastian},
	editor = {Calzolari, Nicoletta and Choukri, Khalid and Maegaard, Bente and Mariani, Joseph and Odijk, Jan and Piperidis, Stelios and Rosner, Mike and Tapias, Daniel},
	year = {2010}
}

@article{austin_language_2014,
	title = {Language documentation in the 21st century},
	volume = {0},
	pages = {57--71},
	number = {3},
	journal = {{JournaLIPP}},
	author = {Austin, Peter K.},
	year = {2014},
}
@article{bird_natural_2009,
	title = {Natural Language Processing and Linguistic Fieldwork},
	volume = {35},
	pages = {469--474},
	number = {3},
	journal = {Computational Linguistics},
	author = {Bird, Steven},
	year = {2009}
}

@inproceedings{baldridge_how_2009,
	location = {Singapore},
	title = {How well does active learning actually work? {Time}-based evaluation of cost-reduction strategies for language documentation},
	pages = {296--305},
	booktitle = {Proceedings of the 2009 Conference on Empirical Methods in Natural Language Processing},
	author = {Baldridge, Jason and Palmer, Alexis},
	year = {2009}
}

@inproceedings{bettinson_developing_2017,
	location = {Honolulu},
	title = {Developing a Suite of Mobile Applications for Collaborative Language Documentation},
	booktitle = {Workshop on Computational Methods for Endangered Languages},
	author = {Bettinson, Mat and Bird, Steven},
	year = {2017}
}

@article{bergmanis_training_2017,
	title = {Training Data Augmentation for Low-Resource Morphological Inflection},
	pages = {31--39},
	journal = {Proceedings of the {CoNLL} {SIGMORPHON} 2017 Shared Task: Universal Morphological Reinflection},
	author = {Bergmanis, Toms and Kann, Katharina and Schütze, Hinrich and Goldwater, Sharon},
	year = {2017}
}

@book{beesley_finite-state_2003,
	title = {Finite-State Morphology: {Xerox} Tools and Techniques},
	author = {Beesley, Kenneth R and Karttunen, Lauri},
	publisher = {Xerox Corporation},
	year = {2003}
}

@inproceedings{chan_learning_2006,
	location = {Stroudsburg, {PA}, {USA}},
	title = {Learning Probabilistic Paradigms for Morphology in a Latent Class Model},
	series = {{SIGPHON} '06},
	pages = {69--78},
	booktitle = {Proceedings of the Eighth Meeting of the {ACL} Special Interest Group on Computational Phonology and Morphology},
	publisher = {Association for Computational Linguistics},
	author = {Chan, Erwin},
	year = {2006}
}

@book{creutz_unsupervised_2005a,
	title = {Unsupervised morpheme segmentation and morphology induction from text corpora using {Morfessor} 1.0},
	publisher = {Helsinki University of Technology},
	author = {Creutz, Mathias and Lagus, Krista},
	year = {2005}
}

@article{creutz_unsupervised_2007,
	title = {Unsupervised Models for Morpheme Segmentation and Morphology Learning},
	volume = {4},
	pages = {3:1--3:34},
	number = {1},
	journal = {{ACM} Trans. Speech Lang. Process.},
	author = {Creutz, Mathias and Lagus, Krista},
	year = {2007}
}
@INPROCEEDINGS{creutz_inducing_2005b,
    author = {Mathias Creutz and Krista Lagus},
    title = {Inducing the morphological lexicon of a natural language from unannotated text},
    booktitle = {In Proceedings of the International and Interdisciplinary Conference on Adaptive Knowledge Representation and Reasoning (AKRR’05)},
    year = {2007}
}

@inproceedings{creutz_unsupervised_2002,
	title = {Unsupervised discovery of morphemes},
	pages = {21--30},
	booktitle = {Proceedings of the {ACL}-02 workshop on Morphological and phonological learning-Volume 6},
	publisher = {Association for Computational Linguistics},
	author = {Creutz, Mathias and Lagus, Krista},
	year = {2002}
}

@inproceedings{creutz_unsupervised_2003,
	title = {Unsupervised segmentation of words using prior distributions of morph length and frequency},
	pages = {280--287},
	booktitle = {Proceedings of the 41st Annual Meeting on Association for Computational Linguistics-Volume 1},
	publisher = {Association for Computational Linguistics},
	author = {Creutz, Mathias},
	year = {2003}
}

@inproceedings{buys_cross-lingual_2016,
	title = {Cross-Lingual Morphological Tagging for Low-Resource Languages},
	booktitle = {Proceedings of the 54th Annual Meeting of the Association for Computational Linguistics},
	author = {Buys, Jan and Botha, Jan A.},
	year = {2016}
}

@inproceedings{cotterell_labeled_2015,
	title = {Labeled Morphological Segmentation with Semi-Markov Models},
	pages = {164--174},
	booktitle = {{CoNLL}},
	author = {Cotterell, Ryan and Müller, Thomas and Fraser, Alexander M. and Schütze, Hinrich},
	year = {2015}
}

@inproceedings{cohen_joint_2007,
	location = {Prague},
	title = {Joint Morphological and Syntactic Disambiguation},
	pages = {208--217},
	booktitle = {Proceedings of the 2007 Joint Conference on Empirical Methods in Natural Language Processing and Computational Natural Language Learning},
	publisher = {Association for Computational Linguistics},
	author = {Cohen, Shay B. and Smith, Noah A.},
	year = {2007}
}

@article{cotterell_cross-lingual_2017,
	title = {Cross-lingual Character-Level Neural Morphological Tagging},
	pages = {748--759},
	journal = {Proceedings of the 2017 Conference on Empirical Methods in Natural Language Processing},
	author = {Cotterell, Ryan and Heigold, Georg},
	year = {2017}
}

@inproceedings{cotterell_sigmorphon_2016,
	title = {The {SIGMORPHON} 2016 shared task—morphological reinflection},
	pages = {10--22},
	booktitle = {Proceedings of the 14th {SIGMORPHON} Workshop on Computational Research in Phonetics, Phonology, and Morphology},
	author = {Cotterell, Ryan and Kirov, Christo and Sylak-Glassman, John and Yarowsky, David and Eisner, Jason and Hulden, Mans},
	year = {2016}
}

@inproceedings{cotterell_conll-sigmorphon_2017,
	location = {Vancouver},
	title = {{CoNLL}-{SIGMORPHON} 2017 Shared Task: {Universal} Morphological Reinflection in 52 Languages},
	pages = {1--30},
	booktitle = {Proceedings of the {CoNLL} {SIGMORPHON} 2017 Shared Task: Universal Morphological Reinflection},
	publisher = {Association for Computational Linguistics},
	author = {Cotterell, Ryan and Kirov, Christo and Sylak-Glassman, John and Walther, Géraldine and Vylomova, Ekaterina and Xia, Patrick and Faruqui, Manaal and Kübler, Sandra and Yarowsky, David and Eisner, Jason and Hulden, Mans},
	year = {2017}
}

@inproceedings{cotterell_conllsigmorphon_2018,
	address = {Brussels},
	title = {The {CoNLL}–{SIGMORPHON} 2018 Shared Task: {Universal} Morphological Reinflection},
	pages = {1--27},
	booktitle = {Proceedings of the {CoNLL} {SIGMORPHON} 2018 Shared Task: Universal Morphological Reinflection},
	publisher = {Association for Computational Linguistics},
	author = {Cotterell, Ryan and Kirov, Christo and Sylak-Glassman, John and Walther, Géraldine and Vylomova, Ekaterina and {McCarthy}, Arya D. and Kann, Katharina and Mielke, Sebastian and Nicolai, Garrett and Silfverberg, Miikka and Yarowsky, David and Eisner, Jason and Hulden, Mans},
	year = {2018},
	pages = {1--27}
}
@inproceedings{sigmorphon2019,
    title = {The {SIGMORPHON} 2019 Shared Task: {Crosslinguality} and Context in Morphology},
    author = {{McCarthy}, Arya D. and Vylomova, Ekaterina and Wu, Shijie and Malaviya, Chaitanya and {Wolf-Sonkin}, Lawrence and       Nicolai, Garrett and Kirov, Christo and Silfverberg, Miikka and Mielke, Sebastian and Heinz, Jeffrey and Cotterell, Ryan and       Hulden, Mans},
    booktitle = {Proceedings of the 16th SIGMORPHON Workshop on Computational Research in Phonetics, Phonology, and Morphology},
    year = {2019},
    address = {Florence, Italy},
    publisher = {Association for Computational Linguistics}
}
@book{chomsky_sound_1968,
	title = {The sound patterns of English},
	publisher = {{ERIC}},
	author = {Chomsky, Noam and Halle, Morris},
	year = {1968}
}
@article{goodman_generation_2013,
	title = {Generation of Machine-Readable Morphological Rules from Human-Readable Input},
	volume = {30},
	journal = {{UW} Working Papers in Linguistics},
	author = {Goodman, Michael Wayne},
	editor = {Song, Sanghoun and Crowgey, Joshua},
	year = {2013}
}

@inproceedings{detrez_smart_2012,
	title = {Smart paradigms and the predictability and complexity of inflectional morphology},
	pages = {645--653},
	booktitle = {Proceedings of the 13th Conference of the European Chapter of the Association for Computational Linguistics},
	publisher = {Association for Computational Linguistics},
	author = {Détrez, Grégoire and Ranta, Aarne},
	year = {2012}
}

@inproceedings{dreyer_discovering_2011,
	title = {Discovering morphological paradigms from plain text using a Dirichlet process mixture model},
	pages = {616--627},
	booktitle = {Proceedings of the Conference on Empirical Methods in Natural Language Processing},
	publisher = {Association for Computational Linguistics},
	author = {Dreyer, Markus and Eisner, Jason},
	year = {2011}
}

@article{goldsmith_unsupervised_2001,
	title = {Unsupervised learning of the morphology of a natural language},
	volume = {27},
	pages = {153--198},
	number = {2},
	journal = {Computational linguistics},
	author = {Goldsmith, John},
	year = {2001}
}

@inproceedings{durrett_supervised_2013,
	location = {Atlanta, Georgia},
	title = {Supervised Learning of Complete Morphological Paradigms},
	pages = {1185--1195},
	booktitle = {Proceedings of {NAACL}-{HLT}},
	publisher = {Association for Computational Linguistics},
	author = {Durrett, Greg and {DeNero}, John},
	year = {2013}
}

@inproceedings{goldsmith_linguistica:_2000,
	title = {Linguistica: An Automatic Morphological Analyzer},
	author = {Goldsmith, John},
	booktitle = {Meeting of the Chicago Linguistic Society},
	volume = {1},
	year = {2000}
}

@article{goldsmith_computational_2017,
	title = {Computational Learning of Morphology},
	volume = {3},
	journal = {Annual Review},
	author = {Goldsmith, John and Lee, Jackson and Xanthos, Aris},
	year = {2017}
}

@TECHREPORT{Druck_reducing_2007,
    author = {Gregory Druck and Gideon Mann and Andrew Mccallum},
    title = {Reducing annotation effort using generalized expectation criteria},
    institution={University of Massachusetts Amherst, Dept. of Computer Science},
    year = {2007}
}

@inproceedings{gale_one_1992,
	title = {One Sense Per Discourse},
	booktitle = {Speech and Natural Language: Proceedings of a Workshop Held at {Harriman}, {New} {York}, {February} 23-26, 1992},
	publisher = {Association for Computational Linguistics},
	author = {Gale, William A. and Church, Kenneth W. and Yarowsky, David},
	year = {1992}
}
@article{kirschenbaum_unsupervised_2012,
	title = {Unsupervised morphological analysis of small corpora: {First} experiments with Kilivila},
	volume = {3},
	pages = {25--31},
	journal = {Language Documentation \& Conservation Special Publication},
	author = {Kirschenbaum, Amit and Wittenburg, Peter and Heyer, Gerhard},
	year = {2012}
}

@inproceedings{holton_developing_2017,
	title = {Developing collection management tools to create more robust and reliable linguistic data},
	booktitle = {Workshop on Computational Methods for Endangered Languages},
	author = {Holton, Gary and Hooshiar, Kavon and Thieberger, Nicholas},
	year = {2017}
}

@article{hammarstrom_unsupervised_2011,
	title = {Unsupervised learning of morphology},
	volume = {37},
	pages = {309--350},
	number = {2},
	journal = {Computational Linguistics},
	author = {Hammarström, Harald and Borin, Lars},
	year = {2011}
}

@incollection{karttunen_2005,
	title = {Twenty-five years of finite-state morphology},
	pages = {71--83},
	booktitle = {Inquiries Into Words, a Festschrift for Kimmo Koskenniemi on his 60th Birthday},
	author = {Karttunen, Lauri and Beesley, Kenneth R.},
	publisher = {CSLI publications},
	year = {2005}
}

@inproceedings{kohonen_semi-supervised_2010,
	title = {Semi-supervised learning of concatenative morphology},
	pages = {78--86},
	booktitle = {Proceedings of the 11th Meeting of the {ACL} Special Interest Group on Computational Morphology and Phonology},
	publisher = {Association for Computational Linguistics},
	author = {Kohonen, Oskar and Virpioja, Sami and Lagus, Krista},
	year = {2010}
}

@inproceedings{he_humanloop_2016,
	title = {Human-in-the-Loop Parsing.},
	pages = {2337--2342},
	booktitle = {{EMNLP}},
	author = {He, Luheng and Michael, Julian and Lewis, Mike and Zettlemoyer, Luke},
	year = {2016}
}

@inproceedings{lee_modeling_2011,
	title = {Modeling syntactic context improves morphological segmentation},
	pages = {1--9},
	booktitle = {Proceedings of the Fifteenth Conference on Computational Natural Language Learning},
	publisher = {Association for Computational Linguistics},
	author = {Lee, Yoong Keok and Haghighi, Aria and Barzilay, Regina},
	year = {2011}
}

@phdthesis{hulden_finite-state_2009,
	location = {Tucson, {AZ}, {USA}},
	title = {Finite-state Machine Construction Methods and Algorithms for Phonology and Morphology},
	school = {University of Arizona},
	type = {Phd thesis},
	author = {Hulden, Mans},
	year = {2009}
}

@inproceedings{lee_linguistica_2016,
    location = {San Diego, California},
	title = {Linguistica 5: Unsupervised Learning of Linguistic Structure},
	booktitle = {Proceedings of NAACL-HLT 2016 (Demonstrations)},
	pages = {222-26},
	publisher = {Association for Computational Linguistics},
	author = {Lee, Jackson and Goldsmith, John},
	year = {2016}
}

@article{kann_neural_2016,
	title = {Neural Multi-Source Morphological Reinflection},
	journal = {Proceedings of the {CoNLL} {SIGMORPHON} 2017 Shared Task: {Universal} Morphological Reinflection},
	author = {Kann, Katharina and Cotterell, Ryan and Schütze, Hinrich},
	year = {2016}
}

@incollection{harris_morpheme_1967,
	location = {Philadelphia},
	title = {Morpheme boundaries within words: {Report} on a computer test.},
	volume = {73},
	booktitle = {Transformations and Discourse Analysis Papers},
	publisher = {Department of Linguistics, University of Pennsylvania},
	author = {Harris, Zellig},
	year = {1967}
}

@article{harris_phoneme_1955,
	title = {From phoneme to morpheme},
	volume = {31},
	pages = {190--222},
	number = {2},
	journal = {Language},
	author = {Harris, Zellig},
	year = {1955}
}

@inproceedings{heigold_extensive_2017,
	location = {Valencia, Spain},
	title = {An Extensive Empirical Evaluation of Character-Based Morphological Tagging for 14 Languages},
	pages = {505--513},
	booktitle = {Proceedings of the 15th Conference of the European Chapter of the Association for Computational Linguistics: Volume 1, Long Papers},
	publisher = {Association for Computational Linguistics},
	author = {Heigold, Georg and Neumann, Guenter and van Genabith, Josef},
	year = {2017}
}

@inproceedings{kaplan_phonological_1981,
	title = {Phonological rules and finite-state transducers},
	pages = {27--30},
	booktitle = {Linguistic Society of America Meeting Handbook, Fifty-Sixth Annual Meeting},
	author = {Kaplan, Ronald M and Kay, Martin},
	year = {1981}
}

@inproceedings{koskenniemi_two-level_1983,
	title = {Two-Level Model for Morphological Analysis.},
	volume = {83},
	pages = {683--685},
	booktitle = {{IJCAI}},
	author = {Koskenniemi, Kimmo},
	year = {1983}
}

@inproceedings{lafferty_conditional_2001,
	title = {{Conditional} {Random} {Fields}: {Probabilistic} Models for Segmenting and Labeling Sequence Data},
	pages = {282--289},
	booktitle = {Proceedings of the 18th International Conference on Machine Learning},
	author = {Lafferty, John and {McCallum}, Andrew and Pereira, Fernando C N},
	year = {2001}
}
@inproceedings{palmer_evaluating_2009,
	location = {Stroudsburg, {PA}, {USA}},
	title = {Evaluating Automation Strategies in Language Documentation},
	series = {{HLT} '09},
	pages = {36--44},
	booktitle = {Proceedings of the {NAACL} {HLT} 2009 Workshop on Active Learning for Natural Language Processing},
	publisher = {Association for Computational Linguistics},
	author = {Palmer, Alexis and Moon, Taesun and Baldridge, Jason},
	year = {2009}
}

@article{palmer_computational_2010,
	title = {Computational strategies for reducing annotation effort in language documentation},
	volume = {3},
	pages = {1--42},
	number = {4},
	journal = {Linguistic Issues in Language Technology},
	author = {Palmer, Alexis and Moon, Taesun and Baldridge, Jason and Erk, Katrin and Campbell, Eric and Can, Telma},
	year = {2010}
}

@inproceedings{moon_unsupervised_2009,
	title = {Unsupervised morphological segmentation and clustering with document boundaries},
	pages = {668--677},
	booktitle = {Proceedings of the 2009 Conference on Empirical Methods in Natural Language Processing: Volume 2-Volume 2},
	publisher = {Association for Computational Linguistics},
	author = {Moon, Taesun and Erk, Katrin and Baldridge, Jason},
	year = {2009}
}

@article{malouf_generating_2016,
	title = {Generating morphological paradigms with a recurrent neural network},
	volume = {6},
	pages = {122--129},
	journal = {San Diego Linguistic Papers},
	author = {Malouf, Robert},
	year = {2016}
}

@inproceedings{poon_unsupervised_2009,
	title = {Unsupervised morphological segmentation with log-linear models},
	pages = {209--217},
	booktitle = {Proceedings of Human Language Technologies: The 2009 Annual Conference of the North American Chapter of the Association for Computational Linguistics},
	publisher = {Association for Computational Linguistics},
	author = {Poon, Hoifung and Cherry, Colin and Toutanova, Kristina},
	year = {2009}
}

@inproceedings{monson_evaluating_2008,
	title = {Evaluating an agglutinative segmentation model for {Paramor}},
	pages = {49--58},
	booktitle = {Proceedings of the Tenth Meeting of {ACL} Special Interest Group on Computational Morphology and Phonology},
	publisher = {Association for Computational Linguistics},
	author = {Monson, Christian and Lavie, Alon and Carbonell, Jaime and Levin, Lori},
	year = {2008}
}

@phdthesis{palmer_semi-automated_2009,
	title = {Semi-automated annotation and active learning for language documentation},
	school = {University of Texas at Austin},
	type = {Phd thesis},
	author = {Palmer, Alexis Mary},
	year = {2009}
}

@article{nicolai_morphological_2017,
	title = {Morphological Analysis without Expert Annotation},
	volume = {2},
	pages = {211--216},
	journal = {Proceedings of the 15th Conference of the European Chapter of the Association for Computational Linguistics: Volume 2, Short Papers},
	author = {Nicolai, Garrett and Kondrak, Grzegorz},
	year = {2017}
}

@inproceedings{muller_efficient_2013,
	title = {Efficient higher-order {CRFs} for morphological tagging},
	pages = {322--332},
	booktitle = {Proceedings of the 2013 Conference on Empirical Methods in Natural Language Processing},
	author = {Müller, Thomas and Schmid, Helmut and Schütze, Hinrich},
	year = {2013}
}

@inproceedings{monson_paramorfinding_2007b,
	title = {{ParaMor}: Finding Paradigms across Morphology},
	series = {Lecture Notes in Computer Science},
	eventtitle = {Workshop of the Cross-Language Evaluation Forum for European Languages},
	pages = {900--907},
	booktitle = {Advances in Multilingual and Multimodal Information Retrieval},
	publisher = {Springer, Berlin, Heidelberg},
	author = {Monson, Christian and Carbonell, Jaime and Lavie, Alon and Levin, Lori},
	year = {2007}
}

@inproceedings{monson_unsupervised_2004,
	title = {Unsupervised induction of natural language morphology inflection classes},
	pages = {52--61},
	booktitle = {Proceedings of the 7th Meeting of the {ACL} Special Interest Group in Computational Phonology: Current Themes in Computational Phonology and Morphology},
	publisher = {Association for Computational Linguistics},
	author = {Monson, Christian and Lavie, Alon and Carbonell, Jaime and Levin, Lori},
	year = {2004}
}

@inproceedings{monson_paramorMinimally_2007a,
	title = {Paramor: {Minimally} supervised induction of paradigm structure and morphological analysis},
	pages = {117--125},
	booktitle = {Proceedings of Ninth Meeting of the {ACL} Special Interest Group in Computational Morphology and Phonology},
	publisher = {Association for Computational Linguistics},
	author = {Monson, Christian and Carbonell, Jaime and Lavie, Alon and Levin, Lori},
	year = {2007}
}

@inproceedings{makarov_align_2017,
	location = {Vancouver},
	title = {Align and Copy: {UZH} at {SIGMORPHON} 2017 Shared Task for Morphological Reinflection},
	pages = {49--57},
	booktitle = {Proceedings of the {CoNLL} {SIGMORPHON} 2017 Shared Task: Universal Morphological Reinflection},
	publisher = {Association for Computational Linguistics},
	author = {Makarov, Peter and Ruzsics, Tatiana and Clematide, Simon},
	year = {2017}
}

@inproceedings{makarov_uzh_2018,
	location = {Brussels},
	title = {{UZH} at {CoNLL}-{SIGMORPHON} 2018 Shared Task on Universal Morphological Reinflection},
	pages = {69--75},
	booktitle = {Proceedings of the {CoNLL} {SIGMORPHON} 2018 Shared Task: Universal Morphological Reinflection},
	publisher = {Association for Computational Linguistics},
	author = {Makarov, Peter and Clematide, Simon},
	year = {2018}
}
@article{settles_active_2010,
	title = {Active learning literature survey},
	volume = {52},
	pages = {11},
	number = {55},
	journal = {University of Wisconsin, Madison},
	author = {Settles, Burr},
	year = {2010}
}

@article{senuma_seq2seq_2017,
	title = {Seq2seq for Morphological Reinflection: {When} Deep Learning Fails},
	pages = {100--109},
	journal = {Proceedings of the {CoNLL} {SIGMORPHON} 2017 Shared Task: Universal Morphological Reinflection},
	author = {Senuma, Hajime and Aizawa, Akiko},
	year = {2017}
}

@article{ruokolainen_comparative_2016,
	title = {A Comparative Study of Minimally Supervised Morphological Segmentation},
	volume = {42},
	pages = {91--120},
	number = {1},
	journal = {Computational Linguistics},
	author = {Ruokolainen, Teemu and Kohonen, Oskar and Sirts, Kairit and Grönroos, Stig-Arne and Kurimo, Mikko and Virpioja, Sami},
	year = {2016}
}

@inproceedings{ruokolainen_supervised_2013,
	title = {Supervised Morphological Segmentation in a Low-Resource Learning Setting using {Conditional} {Random} {Fields}},
	pages = {29--37},
	booktitle = {{CoNLL}},
	author = {Ruokolainen, Teemu and Kohonen, Oskar and Virpioja, Sami and Kurimo, Mikko},
	year = {2013}
}

@book{roark_computational_2007,
	location = {Oxford; New York},
	title = {Computational approaches to morphology and syntax},
	publisher = {Oxford University Press},
	author = {Roark, Brian and Sproat, Richard William},
	year = {2007}
}

@inproceedings{schone_knowledge-free_2000,
	title = {Knowledge-Free Induction of Inflectional Morphologies},
	booktitle = {Second Meeting of the North American Chapter of the Association for Computational Linguistics},
	publisher = {Association for Computational Linguistics},
	author = {Schone, Patrick and Jurafsky, Daniel},
	year = {2000}
}
@inproceedings{wang_morphological_2016,
	title = {Morphological Segmentation with Window {LSTM} Neural Networks.},
	pages = {2842--2848},
	booktitle = {{AAAI}},
	author = {Wang, Linlin and Cao, Zhu and Xia, Yu and de Melo, Gerard},
	year = {2016}
}

@inproceedings{snyder_unsupervised_2008,
	title = {Unsupervised Multilingual Learning for Morphological Segmentation.},
	pages = {737--745},
	booktitle = {{ACL}},
	author = {Snyder, Benjamin and Barzilay, Regina},
	year = {2008}
}

@inproceedings{soricut_unsupervised_2015,
	location = {Denver, Colorado},
	title = {Unsupervised Morphology Induction Using Word Embeddings},
	pages = {1627--1637},
	booktitle = {Proceedings of the 2015 Conference of the North American Chapter of the Association for Computational Linguistics: Human Language Technologies},
	author = {Soricut, Radu and Och, Franz},
	year = {2015}
}

@article{vania_characters_2017,
	title = {From Characters to Words to in Between: {Do} We Capture Morphology?},
	volume = {1},
	pages = {2016--2027},
	journal = {Proceedings of the 55th Annual Meeting of the Association for Computational Linguistics (Volume 1: Long Papers)},
	author = {Vania, Clara and Lopez, Adam},
	year = {2017}
}

@article{sudhakar_experiments_2017,
	title = {Experiments on Morphological Reinflection: {CoNLL}-2017 Shared Task},
	pages = {71--78},
	journal = {Proceedings of the {CoNLL} {SIGMORPHON} 2017 Shared Task: Universal Morphological Reinflection},
	author = {Sudhakar, Akhilesh and Singh, Anil Kumar},
	year = {2017}
}

@article{silfverberg_data_2017,
	title = {Data Augmentation for Morphological Reinflection},
	pages = {90--99},
	journal = {Proceedings of the {CoNLL} {SIGMORPHON} 2017 Shared Task: Universal Morphological Reinflection},
	author = {Silfverberg, Miikka and Wiemerslage, Adam and Liu, Ling and Mao, Lingshuang Jack},
	year = {2017}
}

@inproceedings{silfverberg_encoder-decoder_2018,
	location = {Brussels, Belgium},
	title = {An Encoder-Decoder Approach to the Paradigm Cell Filling Problem},
	pages = {2883--2889},
	booktitle = {Proceedings of the 2018 Conference on Empirical Methods in Natural Language Processing},
	publisher = {Association for Computational Linguistics},
	author = {Silfverberg, Miikka and Hulden, Mans},
	year = {2018}
}

@article{virpioja_empirical_2011,
	title = {Empirical Comparison of Evaluation Methods for Unsupervised Learning of Morphology},
	volume = {52},
	pages = {45--90},
	number = {2},
	journal = {{TAL}},
	author = {Virpioja, Sami and Turunen, Ville and Spiegler, Sebastian and Kohonen, Oskar and Kurimo, Mikko},
	year = {2011}
}

@incollection{taylor_penn_2003,
	location = {Dordrecht},
	title = {The {Penn} {Treebank}: {An} Overview},
	series = {Text, Speech and Language Technology},
	pages = {5--22},
	booktitle = {Treebanks: Building and Using Parsed Corpora},
	publisher = {Springer Netherlands},
	author = {Taylor, Ann and Marcus, Mitchell and Santorini, Beatrice},
	editor = {Abeillé, Anne},
	year = {2003},
})

%%% Added for POS section


@inproceedings{millour_unsupervised_2019,
	address = {Varna, Bulgaria},
	title = {Unsupervised Data Augmentation for Less-Resourced Languages with no Standardized Spelling},
	url = {https://www.aclweb.org/anthology/R19-1090},
	urldate = {2020-01-30},
	booktitle = {Proceedings of the {International} {Conference} on {Recent} {Advances} in {Natural} {Language} {Processing} ({RANLP} 2019)},
	publisher = {INCOMA Ltd.},
	author = {Millour, Alice and Fort, Karën},
	month = sep,
	year = {2019},
	pages = {776--784}
}

@phdthesis{anastasopoulos_computational_2019,
	title = {Computational {Tools} for {Endangered} {Language} {Documentation}},
	url = {https://curate.nd.edu/show/9019s18114q},
	urldate = {2019-10-09},
	school = {University Of Notre Dame},
	author = {Anastasopoulos, Antonios},
	month = jan,
	year = {2019}
}


@inproceedings{baldridge_learning_2013,
	title = {Learning a Part-of-Speech Tagger from Two Hours of Annotation},
	url = {http://www.cs.utexas.edu/~ai-lab/pub-view.php?PubID=127274},
	pages = {138--147},
	author = {Baldridge, Jason and Garrette, Dan},
	year = {2013},
	booktitle = {Proceedings of the {North} {American} Chapter of the {Association} for {Computational} {Linguistics}: {Human} {Language} {Technologies} {(NAACL-HLT-13)},
	publisher = {Association of Computational Linguistics}
}

@inproceedings{de_pauw_resource-light_2012,
	address = {Istanbul, Turkey},
	title = {Resource-Light {Bantu} Part-of-Speech Tagging},
	url = {http://www.clips.ua.ac.be/sites/default/files/depauwetal.pdf},
	booktitle = {Proceedings of the workshop on {Language} technology for normalisation of less-resourced languages ({SALTMIL8}/{AfLaT2012})},
	publisher = {European Language Resources Association (ELRA)},
	author = {De Pauw, Guy},
	year = {2012}
}

@incollection{cox_probabilistic_2010,
	address = {Amsterdam:},
	title = {Probabilistic tagging of minority language data: a case study using {Qtag}.},
	url = {https://sites.ualberta.ca/~cdcox/PDF/Cox2010ProbabilisticTaggingMinorityLanguageData.pdf},
	urldate = {2014-01-31},
	booktitle = {Corpus  linguistic applications: current studies, new directions.},
	publisher = {Rodopi},
	author = {Cox, Christopher},
	editor = {Gries, S.Th. and Wulff, S. and Davies, M.},
	year = {2010},
	pages = {213--231}
}

@inproceedings{cotterell-etal-2018-conll,
    title = "The {C}o{NLL}--{SIGMORPHON} 2018 Shared Task: {Universal} Morphological Reinflection",
    author = "Cotterell, Ryan  and
      Kirov, Christo  and
      Sylak-Glassman, John  and
      Walther, G{\'e}raldine  and
      Vylomova, Ekaterina  and
      McCarthy, Arya D.  and
      Kann, Katharina  and
      Mielke, Sabrina J.  and
      Nicolai, Garrett  and
      Silfverberg, Miikka  and
      Yarowsky, David  and
      Eisner, Jason  and
      Hulden, Mans",
    booktitle = "Proceedings of the {C}o{NLL}{--}{SIGMORPHON} 2018 Shared Task: Universal Morphological Reinflection",
    month = oct,
    year = "2018",
    address = "Brussels",
    publisher = "Association for Computational Linguistics",
    url = "https://www.aclweb.org/anthology/K18-3001",
    doi = "10.18653/v1/K18-3001",
    pages = "1--27",
}

% POS section

@incollection{croft_parts_2000,
	series = {Empirical {Approaches} to {Language} {Typology} [{EALT}]},
	title = {Parts of speech as language universals and as language-particular categories},
	isbn = {978-3-11-080612-0},
	url = {https://www.degruyter.com/view/title/5332},
	language = {en},
	number = {23},
	urldate = {2020-09-08},
	booktitle = {Approaches to the {Typology} of {Word} {Classes}},
	publisher = {De Gruyter Mouton},
	author = {Croft, William},
	editor = {Vogel, Petra M. and Comrie, Bernard},
	year = {2000},
	pages = {65--102}
}

@book{rauh_syntactic_2010,
	title = {Syntactic Categories: {Their} Identification and Description in Linguistic Theories},
	isbn = {978-0-19-928142-8},
	shorttitle = {Syntactic Categories},
	publisher = {Oxford University Press},
	author = {Rauh, Gisa},
	month = jun,
	year = {2010},
}


@incollection{gil_word_2005,
	series = {Linguistik {Aktuell}/{Linguistics} {Today}},
	title = {Word order without syntactic categories: {How} {Riau} {Indonesian} does it},
	volume = {73},
	isbn = {978-90-272-2797-3},
	booktitle = {Verb {First}: {On} the {Syntax} of {Verb}-initial {Languages}},
	publisher = {John Benjamins Publishing},
	author = {Gil, David},
	editor = {Carnie, Andrew and Dooley, Sheila Ann and Harley, Heidi},
	year = {2005},
	pages = {243--264}
}

@incollection{rauh_linguistic_2016,
	address = {Düsseldorf},
	title = {Linguistic Categories and the Syntax-Semantics Interface: {Evaluating} Competing Approaches},
	booktitle = {Explorations of the {Syntax}-{Semantics} {Interface}},
	author = {Rauh, Gisa and Fleischhauer, Jens and Latrouite, Anja and Osswald, Rainer},
	year = {2016},
	keywords = {POS tagging},
	pages = {15--55},
	file = {Rauh - Linguistic Categories and the Syntax-Semantics Int.pdf:C\:\\Users\\thesa\\Zotero\\storage\\KHFJMDQ2\\Rauh - Linguistic Categories and the Syntax-Semantics Int.pdf:application/pdf}
}
